<record><leader>00000cas a2200000Ma 4500</leader><controlfield tag="001">10769558</controlfield><controlfield tag="008">840524d18481848mauwr ne      0    0eng d</controlfield><datafield ind1=" " ind2=" " tag="010"><subfield code="a">sn 84023110 </subfield></datafield><datafield ind1=" " ind2=" " tag="040"><subfield code="a">AQM</subfield><subfield code="b">eng</subfield><subfield code="c">AQM</subfield><subfield code="d">OCLCO</subfield></datafield><datafield ind1="0" ind2="4" tag="245"><subfield code="a">The Christian rationalist, and theological reformer.</subfield></datafield><datafield ind1=" " ind2=" " tag="260"><subfield code="a">Boston, Mass. :</subfield><subfield code="b">[s.n.],</subfield><subfield code="c">1848.</subfield></datafield><datafield ind1=" " ind2=" " tag="300"><subfield code="a">v.</subfield></datafield><datafield ind1=" " ind2=" " tag="310"><subfield code="a">Weekly</subfield></datafield><datafield ind1="0" ind2=" " tag="362"><subfield code="a">Vol. 1, no. 1 (Mar. 25, 1848).</subfield></datafield><datafield ind1=" " ind2=" " tag="500"><subfield code="a">Editor: W.M. Fernald.</subfield></datafield><datafield ind1=" " ind2=" " tag="500"><subfield code="a">Printer: J.N. Bang.</subfield></datafield><datafield ind1=" " ind2="7" tag="655"><subfield code="a">Religious newspapers.</subfield><subfield code="2">local</subfield></datafield><datafield ind1="1" ind2=" " tag="700"><subfield code="a">Fernald, Woodbury M.</subfield><subfield code="q">(Woodbury Melcher),</subfield><subfield code="d">1813-1873.</subfield></datafield><datafield ind1=" " ind2=" " tag="752"><subfield code="a">United States</subfield><subfield code="b">Massachusetts</subfield><subfield code="c">Suffolk</subfield><subfield code="d">Boston.</subfield></datafield><datafield ind1="0" ind2="0" tag="785"><subfield code="t">Christian rationalist</subfield><subfield code="w">(DLC)sn 84023109</subfield></datafield></record>